<?xml version='1.0' encoding='UTF-8'?>
<record xmlns="http://www.loc.gov/MARC21/slim">
  <leader>01380cam a2200289ua 4500</leader>
  <controlfield tag="001">412421</controlfield>
  <controlfield tag="003">NjP</controlfield>
  <controlfield tag="005">20170605130946.0</controlfield>
  <controlfield tag="008">871120s1983    ir       b    00010 ara d</controlfield>
  <datafield tag="024" ind1="7" ind2=" ">
    <subfield code="a">princeton_aco002989</subfield>
    <subfield code="2">local</subfield>
  </datafield>
  <datafield ind1=" " ind2=" " tag="035">
    <subfield code="a">(OCoLC)26188224</subfield>
  </datafield>
  <datafield ind1=" " ind2=" " tag="035">
    <subfield code="a">(CStRLIN)NJPG87-B58572</subfield>
  </datafield>
  <datafield ind1=" " ind2=" " tag="035">
    <subfield code="9">ABY7948TS</subfield>
  </datafield>
  <datafield ind1=" " ind2=" " tag="040">
    <subfield code="a">NjP</subfield>
    <subfield code="c">NjP</subfield>
    <subfield code="d">NjP</subfield>
  </datafield>
  <datafield ind1="1" ind2=" " tag="100">
    <subfield code="a">Ṣadr, Muḥammad.</subfield>
  </datafield>
  <datafield ind1="1" ind2="0" tag="245">
    <subfield code="a">Tārīkh al-ghaybah al-ṣughrá :</subfield>
    <subfield code="b">yatakaffalu bi-al-baḥth wa-al-taḥlīl bi-uslūb jadīd wa-ʻamīq tārīkh al-imāmayn al-ʻaskarīyayn wa-al-Imām al-Mahdī wa-safarāʾihi fī ghaybatihi al-ṣughrá /</subfield>
    <subfield code="c">taʾlīf Muḥammad al-Ṣadr.</subfield>
  </datafield>
  <datafield ind1=" " ind2=" " tag="260">
    <subfield code="a">Iṣfahān :</subfield>
    <subfield code="b">Maktabat al-Imām Amīr al-Muʾminīn al-ʻĀmmah,</subfield>
    <subfield code="c">[1363 i.e. 1983?]</subfield>
  </datafield>
  <datafield ind1=" " ind2=" " tag="300">
    <subfield code="a">664 p. ;</subfield>
    <subfield code="c">24 cm.</subfield>
  </datafield>
  <datafield ind1="1" ind2=" " tag="490">
    <subfield code="a">Mawsūʻat al-Imām al-Mahdī ;</subfield>
    <subfield code="v">al-kitāb 1</subfield>
  </datafield>
  <datafield ind1=" " ind2=" " tag="504">
    <subfield code="a">Bibliography: p. 659-662.</subfield>
  </datafield>
  <datafield ind1=" " ind2=" " tag="500">
    <subfield code="a">Introd. dated 1/10/1363.</subfield>
  </datafield>
  <datafield ind1="1" ind2="0" tag="600">
    <subfield code="a">Mahdī, Muḥammad ibn al-Ḥasan,</subfield>
    <subfield code="d">b. 869.</subfield>
    <subfield code="0">http://id.loc.gov/authorities/names/n84077035</subfield>
  </datafield>
  <datafield ind1="0" ind2="0" tag="600">
    <subfield code="a">Ḥasan al-ʻAskarī ibn ʻAlī,</subfield>
    <subfield code="d">844-874.</subfield>
  </datafield>
  <datafield ind1="0" ind2="0" tag="600">
    <subfield code="a">ʻAlī al-Hādī,</subfield>
    <subfield code="d">828?-868.</subfield>
    <subfield code="0">http://id.loc.gov/authorities/names/n85307245</subfield>
  </datafield>
  <datafield ind1="1" ind2=" " tag="800">
    <subfield code="a">Ṣadr, Muḥammad,</subfield>
    <subfield code="d">1942-</subfield>
    <subfield code="t">Mawsūʻat al-Imām al-Mahdī.</subfield>
    <subfield code="f">1983 ;</subfield>
    <subfield code="v">al-kitāb 1.</subfield>
  </datafield>
  <datafield ind1=" " ind2=" " tag="998">
    <subfield code="a">06/29/92</subfield>
    <subfield code="s">9114</subfield>
    <subfield code="n">NjP</subfield>
    <subfield code="w">NJPG87B58572</subfield>
    <subfield code="d">11/20/87</subfield>
    <subfield code="c">JCB</subfield>
    <subfield code="b">JEB</subfield>
    <subfield code="i">920629</subfield>
    <subfield code="l">NJPG</subfield>
  </datafield>
  <datafield ind1=" " ind2=" " tag="948">
    <subfield code="a">CAS</subfield>
  </datafield>
  <datafield ind1=" " ind2=" " tag="911">
    <subfield code="a">19921028</subfield>
  </datafield>
  <datafield ind1=" " ind2=" " tag="912">
    <subfield code="a">19960722042239.0</subfield>
  </datafield>
  <datafield ind1="0" ind2="0" tag="852">
    <subfield code="0">449219</subfield>
    <subfield code="b">rcppa</subfield>
    <subfield code="t">1</subfield>
    <subfield code="h">BP193</subfield>
    <subfield code="i">.S33 1983 vol.1</subfield>
    <subfield code="x">tr fr arab</subfield>
  </datafield>
  <datafield ind1=" " ind2=" " tag="959">
    <subfield code="a">2000-06-13 00:00:00 -0500</subfield>
  </datafield>
</record>
